%% This BibTeX bibliography file was created using BibDesk.
%% http://bibdesk.sourceforge.net/


%% Created for John Wright at 2015-09-12 12:33:44 -0400 


%% Saved with string encoding Unicode (UTF-8) 



@article{Sho97,
	Author = {Shor, Peter},
	Date-Added = {2015-09-12 16:33:26 +0000},
	Date-Modified = {2015-09-12 16:33:43 +0000},
	Journal = {SIAM journal on computing},
	Number = {5},
	Pages = {1484--1509},
	Title = {Polynomial-time algorithms for prime factorization and discrete logarithms on a quantum computer},
	Volume = {26},
	Year = {1997}}

@article{Alb83,
	Author = {Albert, David},
	Journal = {Physics Letters A},
	Number = {5},
	Pages = {249--252},
	Publisher = {Elsevier},
	Title = {On quantum-mechanical automata},
	Volume = {98},
	Year = {1983}}

@article{Ben73,
	Author = {Bennett, Charles},
	Journal = {IBM Journal of Research and Development},
	Number = {6},
	Pages = {525--532},
	Publisher = {IBM},
	Title = {Logical reversibility of computation},
	Volume = {17},
	Year = {1973}}

@article{Ben80,
	Author = {Benioff, Paul},
	Journal = {Journal of Statistical Physics},
	Number = {5},
	Pages = {563--591},
	Publisher = {Springer},
	Title = {The computer as a physical system: {A} microscopic quantum mechanical {H}amiltonian model of computers as represented by {T}uring machines},
	Volume = {22},
	Year = {1980}}

@inproceedings{Deu85,
	Author = {Deutsch, David},
	Booktitle = {Proceedings of the Royal Society of London A: Mathematical, Physical and Engineering Sciences},
	Number = {1818},
	Pages = {97--117},
	Title = {Quantum theory, the {C}hurch--{T}uring principle and the universal quantum computer},
	Volume = {400},
	Year = {1985}}

@inproceedings{Deu89,
	Author = {Deutsch, David},
	Booktitle = {Proceedings of the Royal Society of London A: Mathematical, Physical and Engineering Sciences},
	Number = {1868},
	Pages = {73--90},
	Title = {Quantum computational networks},
	Volume = {425},
	Year = {1989}}

@article{Fey82,
	Author = {Feynman, Richard},
	Journal = {International Journal of Theoretical Physics},
	Number = {6/7},
	Pages = {467--488},
	Title = {Simulating physics with computers},
	Volume = {21},
	Year = {1982}}

@article{Fey86,
	Author = {Feynman, Richard},
	Journal = {Foundations of Physics},
	Number = {6},
	Pages = {507--531},
	Publisher = {Springer},
	Title = {Quantum mechanical computers},
	Volume = {16},
	Year = {1986}}

@article{Lan61,
	Author = {Landauer, Rolf},
	Journal = {IBM Journal of Research and Development},
	Number = {3},
	Pages = {183--191},
	Publisher = {IBM},
	Title = {Irreversibility and heat generation in the computing process},
	Volume = {5},
	Year = {1961}}
